<record xmlns="http://www.loc.gov/MARC21/slim" xmlns:xsi="http://www.w3.org/2001/XMLSchema-instance" xsi:schemaLocation="http://www.loc.gov/MARC21/slim http://www.loc.gov/standards/marcxml/schema/MARC21slim.xsd"><leader>03759nam a2200505   4500</leader><controlfield tag="001">6049580</controlfield><controlfield tag="003">NIC</controlfield><controlfield tag="006">m        d        </controlfield><controlfield tag="007">cr cn |||m|||a</controlfield><controlfield tag="008">150223m19009999ua      obd  f001 0 arar </controlfield><datafield ind1=" " ind2=" " tag="040"><subfield code="a">NNU</subfield><subfield code="b">eng</subfield><subfield code="e">rda</subfield><subfield code="c">NNU</subfield></datafield><datafield ind1="0" ind2="0" tag="050"><subfield code="a">PJ6620</subfield><subfield code="b">.U4 1983</subfield></datafield><datafield ind1="1" ind2=" " tag="100"><subfield code="6">880-01</subfield><subfield code="a">&#699;Ukbari&#772;, &#699;Abd Alla&#772;h ibn al-H&#803;usayn,</subfield><subfield code="d">1143 or 1144-1219.</subfield></datafield><datafield ind1="1" ind2="0" tag="240"><subfield code="6">880-02</subfield><subfield code="a">Is&#803;la&#772;h&#803; al-mant&#803;iq</subfield></datafield><datafield ind1="1" ind2="3" tag="245"><subfield code="6">880-03</subfield><subfield code="a">al-Mashu&#772;f al-mu&#699;lam fi&#772; tarti&#772;b al-Is&#803;la&#772;h&#803; &#699;ala&#769; h&#803;uru&#772;f al-mu&#699;jam /</subfield><subfield code="c">tas&#803;ni&#772;f Abi&#772; al-Baqa&#772;&#700; &#699;Abd Alla&#772;h ibn al-H&#803;usayn al-&#699;Ukbari&#772; al-H&#803;anbali&#772; ; tah&#803;qi&#772;q Ya&#772;si&#772;n Muh&#803;ammad al-Sawwa&#772;s.</subfield></datafield><datafield ind1=" " ind2=" " tag="260"><subfield code="6">880-04</subfield><subfield code="a">al-Mamlakah al-&#699;Arabi&#772;yah al-Sa&#699;u&#772;di&#772;yah :</subfield><subfield code="b">Ja&#772;mi&#699;at Umm al-Qura&#769;, Markaz al-Bah&#803;th al-&#699;Ilmi&#772; wa-Ih&#803;ya&#772;&#700; al-Tura&#772;th al-Isla&#772;mi&#772;, Kulli&#772;yat al-Shari&#772;&#699;ah wa-al-Dira&#772;sa&#772;t al-Isla&#772;mi&#772;yah,</subfield><subfield code="c">&lt;1983-&gt;</subfield></datafield><datafield ind1=" " ind2=" " tag="300"><subfield code="a">online resource (volumes &lt;1-2&gt;)</subfield></datafield><datafield ind1=" " ind2=" " tag="336"><subfield code="a">text</subfield><subfield code="2">rdacontent</subfield></datafield><datafield ind1=" " ind2=" " tag="337"><subfield code="a">computer</subfield><subfield code="2">rdamedia</subfield></datafield><datafield ind1=" " ind2=" " tag="338"><subfield code="a">online resource</subfield><subfield code="2">rdacarrier</subfield></datafield><datafield ind1="1" ind2=" " tag="490"><subfield code="6">880-05</subfield><subfield code="a">Min al-tura&#772;th al-Isla&#772;mi&#772; ;</subfield><subfield code="v">al-kita&#772;b 27</subfield></datafield><datafield ind1=" " ind2=" " tag="500"><subfield code="a">Part of the Arabic Collections Online (ACO) project, contributed by Cornell University Libraries.</subfield></datafield><datafield ind1=" " ind2=" " tag="504"><subfield code="a">Includes bibliographical references (v. 2, pages 1031-1041).</subfield></datafield><datafield ind1=" " ind2=" " tag="500"><subfield code="a">Includes indexes.</subfield></datafield><datafield ind1=" " ind2=" " tag="533"><subfield code="a">Electronic reproduction.</subfield><subfield code="b">New York, N.Y. :</subfield><subfield code="c">New York University,</subfield><subfield code="d">2015.</subfield><subfield code="5">NNU</subfield></datafield><datafield ind1=" " ind2="0" tag="650"><subfield code="a">Arabic language</subfield><subfield code="v">Dictionaries</subfield><subfield code="v">Early works to 1700.</subfield></datafield><datafield ind1=" " ind2="7" tag="650"><subfield code="a">Arabic language.</subfield><subfield code="2">fast</subfield><subfield code="0">(OCoLC)fst00812287</subfield></datafield><datafield ind1=" " ind2="7" tag="655"><subfield code="a">Dictionaries.</subfield><subfield code="2">fast</subfield><subfield code="0">(OCoLC)fst01423826</subfield></datafield><datafield ind1=" " ind2="7" tag="655"><subfield code="a">Early works.</subfield><subfield code="2">fast</subfield><subfield code="0">(OCoLC)fst01411636</subfield></datafield><datafield ind1="1" ind2=" " tag="700"><subfield code="6">880-06</subfield><subfield code="a">Sawwa&#772;s, Ya&#772;si&#772;n Muh&#803;ammad.</subfield></datafield><datafield ind1="2" ind2=" " tag="710"><subfield code="a">Cornell University.</subfield><subfield code="b">Libraries.</subfield></datafield><datafield ind1="0" ind2=" " tag="730"><subfield code="a">Arabic Collections Online.</subfield></datafield><datafield ind1="0" ind2="8" tag="776"><subfield code="i">Online version:</subfield><subfield code="a">&#699;Ukbari&#772;, &#699;Abd Alla&#772;h ibn al-H&#803;usayn, 1143 or 4-1219.</subfield><subfield code="s">Is&#803;la&#772;h&#803; al-mant&#803;iq.</subfield><subfield code="t">Mashu&#772;f al-mu&#699;lam fi&#772; tarti&#772;b al-Is&#803;la&#772;h&#803; &#699;ala&#769; h&#803;uru&#772;f al-mu&#699;jam.</subfield><subfield code="d">al-Mamlakah al-&#699;Arabi&#772;yah al-Sa&#699;u&#772;di&#772;yah : Ja&#772;mi&#699;at Umm al-Qura&#769;, Markaz al-Bah&#803;th al-&#699;Ilmi&#772; wa-Ih&#803;ya&#772;&#700; al-Tura&#772;th al-Isla&#772;mi&#772;, Kulli&#772;yat al-Shari&#772;&#699;ah wa-al-Dira&#772;sa&#772;t al-Isla&#772;mi&#772;yah, &lt;1983-&gt;</subfield><subfield code="w">(OCoLC)811869649</subfield></datafield><datafield ind1="0" ind2="8" tag="776"><subfield code="i">Print version:</subfield><subfield code="a">&#699;Ukbari&#772;, &#699;Abd Alla&#772;h ibn al-H&#803;usayn, 1143 or 1144-1219.</subfield><subfield code="t">al-Mashu&#772;f al-mu&#699;lam fi&#772; tarti&#772;b al-Is&#803;la&#772;h&#803; &#699;ala&#769; h&#803;uru&#772;f al-mu&#699;jam</subfield><subfield code="w">(NIC)6049580</subfield><subfield code="w">(DLC)   85964085 </subfield><subfield code="w">(OCoLC)16129154</subfield></datafield><datafield ind1=" " ind2="0" tag="830"><subfield code="6">880-07</subfield><subfield code="a">Min al-tura&#772;th al-Isla&#772;mi&#772; (Ja&#772;mi&#699;at Umm al-Qura&#769;. Markaz al-Bah&#803;th al-&#699;Ilmi&#772; wa-Ih&#803;ya&#772;&#700; al-Tura&#772;th al-Isla&#772;mi&#772;) ;</subfield><subfield code="v">al-kita&#772;b 27.</subfield></datafield><datafield ind1="4" ind2="0" tag="856"><subfield code="u">http://hdl.handle.net/2333.1/41ns1tt8</subfield></datafield><datafield ind1="1" ind2=" " tag="880"><subfield code="6">100-01/r</subfield><subfield code="a">&#1593;&#1705;&#1576;&#1585;&#1610;&#1548; &#1593;&#1576;&#1583; &#1575;&#1604;&#1604;&#1607; &#1576;&#1606; &#1575;&#1604;&#1581;&#1587;&#1610;&#1606;&#1548;</subfield><subfield code="d">1143 or 1144-1219.</subfield></datafield><datafield ind1="1" ind2="0" tag="880"><subfield code="6">240-02/r</subfield><subfield code="a">&#1573;&#1589;&#1604;&#1575;&#1581; &#1575;&#1604;&#1605;&#1606;&#1591;&#1602;</subfield></datafield><datafield ind1="1" ind2="3" tag="880"><subfield code="6">245-03/r</subfield><subfield code="a">&#1575;&#1604;&#1605;&#1588;&#1608;&#1601; &#1575;&#1604;&#1605;&#1593;&#1604;&#1605; &#1601;&#1610; &#1578;&#1585;&#1578;&#1610;&#1576; &#1575;&#1604;&#1573;&#1589;&#1604;&#1575;&#1581; &#1593;&#1604;&#1609; &#1581;&#1585;&#1608;&#1601; &#1575;&#1604;&#1605;&#1593;&#1580;&#1605; /</subfield><subfield code="c">&#1578;&#1589;&#1606;&#1610;&#1601; &#1571;&#1576;&#1610; &#1575;&#1604;&#1576;&#1602;&#1575;&#1569; &#1593;&#1576;&#1583; &#1575;&#1604;&#1604;&#1607; &#1576;&#1606; &#1575;&#1604;&#1581;&#1587;&#1610;&#1606; &#1575;&#1604;&#1593;&#1705;&#1576;&#1585;&#1610; &#1575;&#1604;&#1581;&#1606;&#1576;&#1604;&#1610; &#1563; &#1578;&#1581;&#1602;&#1610;&#1602; &#1610;&#1575;&#1587;&#1610;&#1606; &#1605;&#1581;&#1605;&#1583; &#1575;&#1604;&#1587;&#1608;&#1575;&#1587;.</subfield></datafield><datafield ind1=" " ind2=" " tag="880"><subfield code="6">260-04/r</subfield><subfield code="a">[&#1605;&#1705;&#1577;] :</subfield><subfield code="b">&#1580;&#1575;&#1605;&#1593;&#1577; &#1571;&#1605; &#1575;&#1604;&#1602;&#1585;&#1609;&#1548; &#1605;&#1585;&#1705;&#1586; &#1575;&#1604;&#1576;&#1581;&#1579; &#1575;&#1604;&#1593;&#1604;&#1605;&#1610; &#1608;&#1573;&#1581;&#1610;&#1575;&#1569; &#1575;&#1604;&#1578;&#1585;&#1575;&#1579; &#1575;&#1604;&#1573;&#1587;&#1604;&#1575;&#1605;&#1610;&#1548; &#1705;&#1604;&#1610;&#1577; &#1575;&#1604;&#1588;&#1585;&#1610;&#1593;&#1577; &#1608;&#1575;&#1604;&#1583;&#1585;&#1575;&#1587;&#1575;&#1578; &#1575;&#1604;&#1573;&#1587;&#1604;&#1575;&#1605;&#1610;&#1577;&#1548;</subfield><subfield code="c">&#1633;&#1641;&#1640;&#1635;.</subfield></datafield><datafield ind1="1" ind2=" " tag="880"><subfield code="6">490-05/r</subfield><subfield code="a">&#1605;&#1606; &#1575;&#1604;&#1578;&#1585;&#1575;&#1579; &#1575;&#1604;&#1573;&#1587;&#1604;&#1575;&#1605;&#1610; &#1563;</subfield><subfield code="v">&#1634;&#1639;</subfield></datafield><datafield ind1="1" ind2=" " tag="880"><subfield code="6">700-06/r</subfield><subfield code="a">&#1587;&#1608;&#1575;&#1587;&#1548; &#1610;&#1575;&#1587;&#1610;&#1606; &#1605;&#1581;&#1605;&#1583;.</subfield></datafield><datafield ind1=" " ind2="0" tag="880"><subfield code="6">830-07/r</subfield><subfield code="a">&#1605;&#1606; &#1575;&#1604;&#1578;&#1585;&#1575;&#1579; &#1575;&#1604;&#1573;&#1587;&#1604;&#1575;&#1605;&#1610; (&#1580;&#1575;&#1605;&#1593;&#1577; &#1571;&#1605; &#1575;&#1604;&#1602;&#1585;&#1609;&#1548; &#1605;&#1585;&#1705;&#1586; &#1575;&#1604;&#1576;&#1581;&#1579; &#1575;&#1604;&#1593;&#1604;&#1605;&#1610; &#1608;&#1573;&#1581;&#1610;&#1575;&#1569; &#1575;&#1604;&#1578;&#1585;&#1575;&#1579; &#1575;&#1604;&#1573;&#1587;&#1604;&#1575;&#1605;&#1610;) &#1563; ;</subfield><subfield code="v">&#1634;&#1639;.</subfield></datafield><datafield ind1=" " ind2=" " tag="959"><subfield code="a">NNU</subfield><subfield code="b">WEB</subfield><subfield code="c">GENI</subfield><subfield code="t">0</subfield><subfield code="m">Electronic access</subfield><subfield code="s">01</subfield></datafield><datafield ind1=" " ind2=" " tag="999"><subfield code="i">NIC_6049580</subfield><subfield code="o">(OCoLC)ocm16129154</subfield><subfield code="s">cornell_aco000183:v.1</subfield><subfield code="s">cornell_aco000184:v.2</subfield></datafield></record>